@MISC {ieee,
    author={},
    journal={IEEE Std 29148-2011},
    title={{29148-2011 - ISO/IEC/IEEE International Standard - Systems and software engineering -- Life cycle processes --Requirements engineering}},
    year={2012},
    volume={},
    pages={},
    url={https://standards.ieee.org/findstds/standard/29148-2011.html}
}
%

@misc{Interview,
    title={RV3K Elicitation},
    author={Sharp, Jamey and Greenberg, Andrew},         
    year={2017},
month={Feb}}