% sample bibliography
@InCollection{stanford,
	author       =	"Hursthouse, Rosalind",
	title        =	{Virtue Ethics},
	booktitle    =	{The Stanford Encyclopedia of Philosophy},
	editor       =	{Edward N. Zalta},
	url          = {https://plato.stanford.edu/archives/fall2013/entries/ethics-virtue/},
	year         =	{2013},
	edition      =	{Fall 2013},
	publisher    =	{Metaphysics Research Lab, Stanford University}
}

@MISC {ieee,
    author={},
    journal={IEEE Std 29148-2011},
    title={{29148-2011 - ISO/IEC/IEEE International Standard - Systems and software engineering -- Life cycle processes --Requirements engineering}},
    year={2012},
    volume={},
    pages={},
    url={https://standards.ieee.org/findstds/standard/29148-2011.html}
}
%

@MISC {mulier,
    author       = "Mulier, Vincent",
    title        = "Virtue Ethics",
    howpublished = "Lecture at Portland State University",
    month        = "nov",
    year         = "2016",
    note         = "Philosophy of Sex \& Love"
}

@BOOK {quinn,
    author    = "Quinn, Michael J.",
    title     = "Ethics for the Information Age",
    publisher = "Pearson",
    year      = "2016",
    edition   = "seventh"
}

@misc{gillis,
    place        ={Portland, OR},
    title        ={Virtue Ethics},
    journal      ={Introduction to Ethics},
    publisher    ={Portland State University},
    author       ={Gillis, Robert},
    year         ={2016},
    month        ={Feb}
}

@misc{mazin,
    place        ={Portland, OR},
    title        ={Class discussion; CS305},
    journal      ={Social, legal, and ethical implications of computation},
    publisher    ={Portland State University},
    author       ={Yousif, Mazin},
    year         ={2016},
    month        ={Nov}
}

@article{ama,
    title={Journal of Medical Ethics},
    journal={Journal of Medical Ethics},
    year={2000},
    month={Jan},
    url={http://www.jmedethics.com}
    }

@misc{bbc,
    title = {Introduction to Virtue Ethics},
    url={http://www.bbc.co.uk/ethics/introduction/virtue.shtml},
    urldate={2016-12-4},
    journal={Bbc.co.uk},
    year={2016}
    }

@inCollection{acm,
    journal ={Association for Computing Machinery},
    url={http://www.acm.org/about/se-code},
    title={Software Engineering Code of Ethics and Professional Practice},
    publisher={ACM}
    }

@book{arist,
    place={London},
    title={The Nicomachean ethics of Aristotle: newly tr. into English},
    publisher={Longmans, Green and Co.},
    author={Aristotle and Williams, Robert},
    year={1869}
    }

@misc{alphabet,
    title={Alphabet},
    url={https://abc.xyz/},
    journal={Alphabet}
    }

@misc{glassdoor,
    title={Glassdoor Microsoft Reviews\\},
    url={https://www.glassdoor.com/Reviews/Microsoft-Reviews-E1651.htm},
    urldate={2016-12-4},
    journal={Glassdoor Microsoft Reviews}}
